@book{latex,
  title = {LaTeX : A Documentation Preparation System User's Guide and Reference Manual},
  publisher = {Addison-Wesley Professional},
  year = {1994},
  author = {Leslie Lamport}
}

@article{bach2007review,
  title={A review of relation extraction},
  author={Bach, Nguyen and Badaskar, Sameer},
  journal={Literature review for Language and Statistics II},
  year={2007}
}

@inproceedings{liu2007exploiting,
  title={Exploiting rich syntactic information for relation extraction from biomedical articles},
  author={Liu, Yudong and Shi, Zhongmin and Sarkar, Anoop},
  booktitle={Human Language Technologies 2007: The Conference of the North American Chapter of the Association for Computational Linguistics; Companion Volume, Short Papers},
  pages={97--100},
  year={2007},
  organization={Association for Computational Linguistics}
}

@inproceedings{mooney2005subsequence,
  title={Subsequence kernels for relation extraction},
  author={Mooney, Raymond J and Bunescu, Razvan C},
  booktitle={Advances in neural information processing systems},
  pages={171--178},
  year={2005}
}

@inproceedings{bjorne2009extracting,
  title={Extracting complex biological events with rich graph-based feature sets},
  author={Bj{\"o}rne, Jari and Heimonen, Juho and Ginter, Filip and Airola, Antti and Pahikkala, Tapio and Salakoski, Tapio},
  booktitle={Proceedings of the Workshop on Current Trends in Biomedical Natural Language Processing: Shared Task},
  pages={10--18},
  year={2009},
  organization={Association for Computational Linguistics}
}

@article{yoshikawa2011coreference,
  title={Coreference based event-argument relation extraction on biomedical text.},
  author={Yoshikawa, Katsumasa and Riedel, Sebastian and Hirao, Tsutomu and Asahara, Masayuki and Matsumoto, Yuji},
  journal={J. Biomedical Semantics},
  volume={2},
  number={S-5},
  pages={S6},
  year={2011}
}

@article{kim2003genia,
  title={GENIA corpus—a semantically annotated corpus for bio-textmining},
  author={Kim, J-D and Ohta, Tomoko and Tateisi, Yuka and Tsujii, Jun’ichi},
  journal={Bioinformatics},
  volume={19},
  number={suppl 1},
  pages={i180--i182},
  year={2003},
  publisher={Oxford Univ Press}
}

@article{kim2008GENIAeventCorpus,
  title={Corpus annotation for mining biomedical events from literature},
  author={Kim, Jin-Dong and Ohta, Tomoko and Tsujii, Jun'ichi},
  journal={BMC bioinformatics},
  volume={9},
  number={1},
  pages={10},
  year={2008},
  publisher={BioMed Central Ltd}
}

@inproceedings{kim2009BioNLPSharedTask,
  title={Overview of BioNLP'09 shared task on event extraction},
  author={Kim, Jin-Dong and Ohta, Tomoko and Pyysalo, Sampo and Kano, Yoshinobu and Tsujii, Jun'ichi},
  booktitle={Proceedings of the Workshop on Current Trends in Biomedical Natural Language Processing: Shared Task},
  pages={1--9},
  year={2009},
  organization={Association for Computational Linguistics}
}

